<record><leader>00000cas a22000007a 4500</leader><controlfield tag="001">8534490</controlfield><controlfield tag="008">820621d19uu1983cauwr ne      0   a0eng d</controlfield><datafield ind1=" " ind2=" " tag="010"><subfield code="a">sn 82004676 </subfield></datafield><datafield ind1=" " ind2=" " tag="040"><subfield code="a">NSD</subfield><subfield code="b">eng</subfield><subfield code="c">NSD</subfield><subfield code="d">OCLCQ</subfield></datafield><datafield ind1=" " ind2=" " tag="012"><subfield code="m">1</subfield></datafield><datafield ind1="1" ind2=" " tag="022"><subfield code="a">0744-7663</subfield><subfield code="l">0744-7663</subfield><subfield code="2">1</subfield></datafield><datafield ind1=" " ind2=" " tag="032"><subfield code="a">600790</subfield><subfield code="b">USPS</subfield></datafield><datafield ind1=" " ind2=" " tag="037"><subfield code="b">Orcutt Weekly, Inc., 300 A South Broadway, Orcutt, CA 93455</subfield></datafield><datafield ind1=" " ind2=" " tag="042"><subfield code="a">nsdp</subfield></datafield><datafield ind1=" " ind2="0" tag="222"><subfield code="a">Valley news</subfield><subfield code="b">(Orcutt, Calif.)</subfield></datafield><datafield ind1="0" ind2="0" tag="245"><subfield code="a">Valley news.</subfield></datafield><datafield ind1=" " ind2=" " tag="260"><subfield code="a">[Orcutt, Calif. :</subfield><subfield code="b">Orcutt Weekly, Inc.]</subfield></datafield><datafield ind1=" " ind2=" " tag="310"><subfield code="a">Weekly</subfield></datafield><datafield ind1="1" ind2=" " tag="362"><subfield code="a">Ceased publlication Sept. 15, 1983.</subfield></datafield><datafield ind1=" " ind2=" " tag="588"><subfield code="a">Description based on: Vol. 4, no. 135 (June 3, 1982); title from caption.</subfield></datafield><datafield ind1="0" ind2="0" tag="780"><subfield code="t">Orcutt weekly</subfield></datafield><datafield ind1=" " ind2=" " tag="936"><subfield code="a">June 3, 1982</subfield></datafield><datafield ind1="1" ind2=" " tag="029"><subfield code="a">AU@</subfield><subfield code="b">000025783783</subfield></datafield></record>